@book{Molloy_2016, 
place={Indianapolis, IN}, 
title={Exploring raspberry pi: Interfacing to the real world with embedded linux}, 
publisher={John Wiley and Sons, Inc}, 
author={Molloy, Derek}, year={2016}
} 

@misc{ 
	ds_datasheet,
    url={https://www.circuitbasics.com/wp-content/uploads/2016/03/DS18B20-Datasheet.pdf}, 
    title={DS18B20 Temperature Sensor Datasheet},
} 

@misc{Brian_Mark_Benoit_Santos_Alessandro_2023, 
title={Raspberry pi: Temperature readings with DS18B20 (python)}, 
url={https://randomnerdtutorials.com/raspberry-pi-ds18b20-python/}, 
journal={Random Nerd Tutorials}, 
author={Brian and Mark and Benoit and Santos, Sara and Alessandro}, 
year={2023}, 
month={Oct}
} 

@misc{Campbell_2025, 
title={Raspberry Pi DS18B20 Temperature Sensor Tutorial}, 
url={https://www.circuitbasics.com/raspberry-pi-ds18b20-temperature-sensor-tutorial/}, 
journal={Circuit Basics}, 
author={Campbell, Scott}, 
year={2025}, 
month={Mar}} 

@misc{ chamber_manual,
    url={https://assets.thermofisher.com/TFS-Assets/LSG/manuals/LED-Heratherm-Refrigerated-Incubators-50150875-IMP180-400-Manual-EN.pdf}, 
    title={Heratherm refrigerated incubators IMP 180/ IMP 400 Manual [en]}} 